@ONLINE{Tornado,
  author    = {Bret Taylor},
  institution = {FriendFeed},
  title     = {Tornado},
  year      = {2009},
  url       = {http://www.tornadoweb.org/},
}
@ONLINE{TornadoAnnounce,
  author    = {David Recordon},
  institution = {Facebook},
  title     = {Tornado},
  month     = {September},
  year      = {2009},
  url       = {http://developers.facebook.com/blog/post/301/},
}
