%% Created using Papers on Mon, 17 Dec 2012.
%% http://mekentosj.com/papers/

@inproceedings{Lai:2010gn,
author = {Lai, Tsung-te Ted and Chen, Yu-han Tiffany and Huang, Polly and Chu, Hao-hua},
title = {{PipeProbe}},
booktitle = {the 8th ACM Conference},
year = {2010},
pages = {113--126},
publisher = {ACM Press},
address = {New York, New York, USA}
}

@article{CardellOliver:2004wg,
author = {Cardell-Oliver, R and Smettem, K and Kranz, M},
title = {{Field testing a wireless sensor network for reactive environmental monitoring}},
journal = {International Conference on Intelligent Sensors, Sensor Networks and Information Processing},
year = {2004}
}

@inproceedings{Tolle:2005wk,
author = {Tolle, G and Polastre, J and Szewczyk, R and Culler, D},
title = {{A macroscope in the redwoods}},
booktitle = {SenSys '05: the 3rd international conference on Embedded networked sensor systems},
year = {2005}
}

@article{Barham:2003cj,
author = {Barham, Paul and Dragovic, Boris and Fraser, Keir and Hand, Steven and Harris, Tim and Ho, Alex and Neugebauer, Rolf and Pratt, Ian and Warfield, Andrew and Barham, Paul and Dragovic, Boris and Fraser, Keir and Hand, Steven and Harris, Tim and Ho, Alex and Neugebauer, Rolf and Pratt, Ian and Warfield, Andrew},
title = {{Xen and the art of virtualization}},
journal = {ACM SIGOPS Operating Systems Review},
year = {2003},
volume = {37},
number = {5},
pages = {164--177},
month = oct
}

@inproceedings{Ferguson:2012tx,
author = {Ferguson, A D and Bodik, P and Kandula, S and Boutin, E},
title = {{Jockey: Guaranteed Job Latency in Data Parallel Clusters}},
booktitle = {European Professional Society on Computer Systems (EuroSys)},
year = {2012}
}

@article{Harish:1999wt,
author = {Harish, V C and Owens, Brad},
title = {{Dynamic Load Balancing DNS}},
journal = {Linux Journal},
year = {1999},
volume = {1999},
number = {64es},
month = aug
}

@article{HarcholBalter:1997wo,
author = {Harchol-Balter, M and Downey, A B},
title = {{Exploiting process lifetime distributions for dynamic load balancing}},
journal = {ACM Transactions on Computer Systems},
year = {1997},
volume = {15},
number = {3},
pages = {253--285}
}

@article{Litzkow:1988wd,
author = {Litzkow, M J and Livny, M and Mutka, M W},
title = {{Condor-a hunter of idle workstations}},
journal = {the 8th International Conference on Distributed Computing Systems},
year = {1988}
}

@article{Stoica:2001dj,
author = {Stoica, Ion and Morris, Robert and Karger, David and Kaashoek, M Frans and Balakrishnan, Hari and Stoica, Ion and Morris, Robert and Karger, David and Kaashoek, M Frans and Balakrishnan, Hari},
title = {{Chord: A scalable peer-to-peer lookup service for internet applications}},
journal = {ACM SIGCOMM Computer Communication Review},
year = {2001},
volume = {31},
number = {4},
pages = {149--160},
month = aug
}

@incollection{Rowstron:2001ea,
author = {Rowstron, Antony and Druschel, Peter},
title = {{Pastry: Scalable, Decentralized Object Location, and Routing for Large-Scale Peer-to-Peer Systems}},
booktitle = {Middleware 2001},
year = {2001},
pages = {329--350},
publisher = {Middleware '01: the IFIP/ACM International Conference on Distributed Systems Platforms Heidelberg},
address = {Berlin, Heidelberg},
month = oct
}

@article{Nichols:1987tp,
author = {Nichols, D},
title = {{Using idle workstations in a shared computing environment}},
journal = {ACM SIGOPS Operating Systems Review},
year = {1987}
}

@article{Ghodsi:2011vm,
author = {Ghodsi, A and Zaharia, M and Hindman, B and Konwinski, A},
title = {{Dominant resource fairness: fair allocation of multiple resource types}},
journal = {the USENIX Symposium on Networked Systems Design and Implementation (NSDI)},
year = {2011}
}

@article{Pan:2010wo,
author = {Pan, H and Hindman, B and Asanovi{\'c}, K},
title = {{Composing Parallel Software Efficiently with Lithe}},
journal = {ACM Sigplan Notices},
year = {2010}
}

@inproceedings{Waldspurger:1994we,
author = {Waldspurger, C A and Weihl, W E},
title = {{Lottery Scheduling: Flexible Proportional-Share Resource Management}},
booktitle = {the First USENIX Symposium on Operating Systems Design and Implementation (OSDI)},
year = {1994}
}

